<collection xmlns:xsi="http://www.w3.org/2001/XMLSchema-instance" xmlns="http://www.loc.gov/MARC21/slim" xsi:schemaLocation="http://www.loc.gov/MARC21/slim http://www.loc.gov/standards/marcxml/schema/MARC21slim.xsd">

<record>
  <leader>02774ckdaa2200397 a 4500</leader>
  <controlfield tag="001">3460100</controlfield>
  <controlfield tag="005">20081118115232.0</controlfield>
  <controlfield tag="008">870127s1954    xx ||| |||||||    k|eng d</controlfield>
  <datafield tag="035" ind1=" " ind2=" ">
    <subfield code="a">(CStRLIN)NYDA87-F33</subfield>
  </datafield>
  <datafield tag="035" ind1=" " ind2=" ">
    <subfield code="a">(OCoLC)ocm83836353</subfield>
  </datafield>
  <datafield tag="035" ind1=" " ind2=" ">
    <subfield code="a">(NNC)3460100</subfield>
  </datafield>
  <datafield tag="040" ind1=" " ind2=" ">
    <subfield code="a">NNC-A</subfield>
    <subfield code="c">NNC-A</subfield>
    <subfield code="e">gihc</subfield>
  </datafield>
  <datafield tag="043" ind1=" " ind2=" ">
    <subfield code="a">n-us-mo</subfield>
  </datafield>
  <datafield tag="100" ind1="1" ind2=" ">
    <subfield code="a">Ferriss, Hugh,</subfield>
    <subfield code="d">1889-1962.</subfield>
  </datafield>
  <datafield tag="240" ind1="1" ind2="0">
    <subfield code="a">Pius XII Memorial Library</subfield>
  </datafield>
  <datafield tag="245" ind1="1" ind2="0">
    <subfield code="a">Pope Pius XII Memorial Library.</subfield>
    <subfield code="h">[graphic] /</subfield>
    <subfield code="c">H. Ferriss.</subfield>
  </datafield>
  <datafield tag="260" ind1=" " ind2=" ">
    <subfield code="c">[circa  1954]</subfield>
  </datafield>
  <datafield tag="300" ind1=" " ind2=" ">
    <subfield code="a">2 drawings :</subfield>
    <subfield code="b">charcoal and graphitel on tracing paper ;</subfield>
    <subfield code="c">60.9 x 85.8 cm. (24 x 33 3/4 in.) or smaller.</subfield>
  </datafield>
  <datafield tag="500" ind1=" " ind2=" ">
    <subfield code="a">A letter in Ferriss archival papers provides an approximate date of 1954.</subfield>
  </datafield>
  <datafield tag="500" ind1=" " ind2=" ">
    <subfield code="a">"Leo A. Daly Company, Architects and Engineers"--letterhead from Ferriss archival papers.</subfield>
  </datafield>
  <datafield tag="500" ind1=" " ind2=" ">
    <subfield code="a">Drawing 1000.001.00125. contains margin notes which have resulted in previous identification of the structure as the St. Louis Cathedral Library in the Avery Ferriss collection list. Further evidence from Ferriss archival papers and drawing 1000.001.00126 identify this structure as the Pius XII Memorial Library at St. Louis University. St. Louis Univ. is probably part of the same Archdiocese of St. Louis as the Cathedral but is physically separate, per evidence in The building art in St. Louis: two centuries / George McCue, 1967. These Ferriss drawings do not show the Pius XII Memorial Library as built by Leo A. Daly Company, 1959.</subfield>
  </datafield>
  <datafield tag="580" ind1=" " ind2=" ">
    <subfield code="a">Forms part of the Hugh Ferriss architectural drawings and papers, Dept. of Drawings &amp; Archives, Avery Architectural and Fine Arts Library.</subfield>
  </datafield>
  <datafield tag="600" ind1="0" ind2="3">
    <subfield code="a">Pius</subfield>
    <subfield code="b">XII,</subfield>
    <subfield code="c">Pope,</subfield>
    <subfield code="d">1876-1958.</subfield>
  </datafield>
  <datafield tag="650" ind1=" " ind2="7">
    <subfield code="a">Library buildings.</subfield>
    <subfield code="2">aat</subfield>
  </datafield>
  <datafield tag="650" ind1=" " ind2="7">
    <subfield code="a">University and college libraries.</subfield>
    <subfield code="2">aat</subfield>
  </datafield>
  <datafield tag="655" ind1=" " ind2="7">
    <subfield code="a">Architectural drawings</subfield>
    <subfield code="x">American.</subfield>
    <subfield code="2">aat</subfield>
  </datafield>
  <datafield tag="655" ind1=" " ind2="7">
    <subfield code="a">Perspective drawings.</subfield>
    <subfield code="2">aat</subfield>
  </datafield>
  <datafield tag="691" ind1=" " ind2="4">
    <subfield code="a">Saint Louis (Mo.)</subfield>
  </datafield>
  <datafield tag="650" ind1=" " ind2="0">
    <subfield code="a">Architecture</subfield>
    <subfield code="z">United States</subfield>
    <subfield code="v">Designs and plans.</subfield>
  </datafield>
  <datafield tag="610" ind1="2" ind2="0">
    <subfield code="a">Pius XII Memorial Library.</subfield>
  </datafield>
  <datafield tag="710" ind1="2" ind2=" ">
    <subfield code="a">Leo A. Daly Company.</subfield>
  </datafield>
  <datafield tag="755" ind1=" " ind2=" ">
    <subfield code="a">Charcoal drawings.</subfield>
    <subfield code="2">aat</subfield>
  </datafield>
  <datafield tag="799" ind1="4" ind2="3">
    <subfield code="a">The Hugh Ferriss architectural drawings and papers.</subfield>
  </datafield>
  <datafield tag="789" ind1="0" ind2=" ">
    <subfield code="l">[1]</subfield>
    <subfield code="i">NYDA.1000.001.00125.</subfield>
    <subfield code="t">[Pope Pius XII Memorial Library]</subfield>
    <subfield code="p">1 drawing : charcoal and pencil on tracing paper ; 60.9 x 85.8 cm. (24 x 33 3/4 in.)</subfield>
    <subfield code="o">Drawn in reverse.</subfield>
    <subfield code="o">Title on verso.</subfield>
    <subfield code="o">Image drawn in pencil on verso.</subfield>
    <subfield code="o">"Calcs - St. Louis Cathedral Library, N.Y. Printing School"--inscribed in red (pencil) left margin.</subfield>
  </datafield>
  <datafield tag="789" ind1="0" ind2=" ">
    <subfield code="l">[2]</subfield>
    <subfield code="i">NYDA.1000.001.00126.</subfield>
    <subfield code="t">Pope Pius XII Memorial Library /</subfield>
    <subfield code="c">H. Ferriss.</subfield>
    <subfield code="p">1 drawing : charcoal on tracing paper ; 59.1 x 81.7 cm. (23 1/4 x 32 1/8 in.)</subfield>
    <subfield code="o">Title on recto, lower right, signed lower right.</subfield>
    <subfield code="o">Lengthy inscription in the lower margin poses questions to the architects.</subfield>
  </datafield>
  <datafield tag="900" ind1=" " ind2=" ">
    <subfield code="a">AUTH</subfield>
  </datafield>
</record>

</collection>